<record><leader>00000cas a2200000 a 4500</leader><controlfield tag="001">9545291</controlfield><controlfield tag="008">830525c18489999maudn ne      0    0eng c</controlfield><datafield ind1=" " ind2=" " tag="010"><subfield code="a">sn 83020778 </subfield></datafield><datafield ind1=" " ind2=" " tag="040"><subfield code="a">NPX</subfield><subfield code="b">eng</subfield><subfield code="c">NPX</subfield><subfield code="d">NPU</subfield><subfield code="d">NPT</subfield><subfield code="d">MGN</subfield><subfield code="d">OCL</subfield><subfield code="d">MGN</subfield><subfield code="d">OCLCQ</subfield><subfield code="d">NYS</subfield><subfield code="d">KRTAS</subfield><subfield code="d">OCLCQ</subfield><subfield code="d">OCLCF</subfield><subfield code="d">OCLCO</subfield></datafield><datafield ind1=" " ind2=" " tag="019"><subfield code="a">22719213</subfield></datafield><datafield ind1="1" ind2=" " tag="029"><subfield code="a">AU@</subfield><subfield code="b">000020663648</subfield></datafield><datafield ind1=" " ind2=" " tag="042"><subfield code="a">pcc</subfield></datafield><datafield ind1=" " ind2=" " tag="043"><subfield code="a">n-us-ma</subfield></datafield><datafield ind1="0" ind2="0" tag="245"><subfield code="a">Taunton daily gazette.</subfield></datafield><datafield ind1=" " ind2=" " tag="260"><subfield code="a">Taunton [Mass.] :</subfield><subfield code="b">Amos Kilton,</subfield><subfield code="c">1848-</subfield></datafield><datafield ind1=" " ind2=" " tag="300"><subfield code="a">v. ;</subfield><subfield code="c">57 cm.</subfield></datafield><datafield ind1=" " ind2=" " tag="310"><subfield code="a">Daily (except Sun. and holidays),</subfield><subfield code="b">Apr. 18, 1951-</subfield></datafield><datafield ind1=" " ind2=" " tag="321"><subfield code="a">Daily (except Sun.),</subfield><subfield code="b">1848-Apr. 17, 1951</subfield></datafield><datafield ind1="0" ind2=" " tag="362"><subfield code="a">Vol. 1, no. 1 (June 10, 1848)-</subfield></datafield><datafield ind1=" " ind2=" " tag="500"><subfield code="a">Publishers: Ide &amp; King, &lt;Aug. 18, 1851-Apr. 15, 1859&gt;; A.M. Ide, Jr., &lt;Oct. 19, 1860-Mar. 23, 1865&gt;; J.W.D. Hall, &lt;July 24, 1862-Mar. 23, 1865&gt;; Reed Bros., &lt;Oct. 5, 1876&gt;</subfield></datafield><datafield ind1=" " ind2=" " tag="500"><subfield code="a">Editor: A.M. Ide, Jr., &lt;Oct. 19, 1860-July 3, 1861&gt;</subfield></datafield><datafield ind1=" " ind2=" " tag="500"><subfield code="a">Republican.</subfield></datafield><datafield ind1=" " ind2=" " tag="530"><subfield code="a">1848-Dec. 1893, and Feb. 1894-Dec. 1974 are available in microform from General Microfilm of New England.</subfield></datafield><datafield ind1=" " ind2=" " tag="580"><subfield code="a">Weekly eds.: Union gazette and democrat, 1862-1874, and: Taunton weekly gazette, 1874-1878, and: Household gazette, 1878-1893.</subfield></datafield><datafield ind1=" " ind2="0" tag="651"><subfield code="a">Taunton (Mass.)</subfield><subfield code="v">Newspapers.</subfield></datafield><datafield ind1=" " ind2="0" tag="651"><subfield code="a">Bristol County (Mass.)</subfield><subfield code="v">Newspapers.</subfield></datafield><datafield ind1=" " ind2="7" tag="655"><subfield code="a">Newspapers.</subfield><subfield code="2">fast</subfield><subfield code="0">(OCoLC)fst01423814</subfield></datafield><datafield ind1=" " ind2="7" tag="651"><subfield code="a">Massachusetts</subfield><subfield code="z">Bristol County.</subfield><subfield code="2">fast</subfield><subfield code="0">(OCoLC)fst01205219</subfield></datafield><datafield ind1=" " ind2="7" tag="651"><subfield code="a">Massachusetts</subfield><subfield code="z">Taunton.</subfield><subfield code="2">fast</subfield><subfield code="0">(OCoLC)fst01214927</subfield></datafield><datafield ind1=" " ind2=" " tag="752"><subfield code="a">United States</subfield><subfield code="b">Massachusetts</subfield><subfield code="c">Bristol</subfield><subfield code="d">Taunton.</subfield></datafield><datafield ind1="0" ind2=" " tag="775"><subfield code="t">Taunton democrat</subfield><subfield code="w">(DLC)sn 83020780</subfield><subfield code="w">(OCoLC)9545445</subfield></datafield><datafield ind1="1" ind2=" " tag="775"><subfield code="t">Union gazette and democrat</subfield><subfield code="w">(DLC)sn 83020781</subfield><subfield code="w">(OCoLC)9545499</subfield></datafield><datafield ind1="1" ind2=" " tag="775"><subfield code="t">Taunton weekly gazette</subfield><subfield code="w">(DLC)sn 83020779</subfield><subfield code="w">(OCoLC)9545372</subfield></datafield><datafield ind1="1" ind2=" " tag="775"><subfield code="t">Household gazette</subfield><subfield code="w">(DLC)sn 93059233</subfield><subfield code="w">(OCoLC)27763355</subfield></datafield><datafield ind1=" " ind2=" " tag="938"><subfield code="a">Kirtas Technologies, Inc.</subfield><subfield code="b">KRTS</subfield><subfield code="n">736748</subfield></datafield></record>